%YAML 1.1
%TAG !u! tag:unity3d.com,2011:
--- !u!1 &351926560968933584
GameObject:
  m_ObjectHideFlags: 0
  m_CorrespondingSourceObject: {fileID: 0}
  m_PrefabInstance: {fileID: 0}
  m_PrefabAsset: {fileID: 0}
  serializedVersion: 6
  m_Component:
  - component: {fileID: 3296699862456692307}
  - component: {fileID: 9106622520330958194}
  - component: {fileID: 5175334485280696340}
  m_Layer: 0
  m_Name: rock_pillar_01_lp (12)
  m_TagString: Untagged
  m_Icon: {fileID: 0}
  m_NavMeshLayer: 0
  m_StaticEditorFlags: 0
  m_IsActive: 1
--- !u!4 &3296699862456692307
Transform:
  m_ObjectHideFlags: 0
  m_CorrespondingSourceObject: {fileID: 0}
  m_PrefabInstance: {fileID: 0}
  m_PrefabAsset: {fileID: 0}
  m_GameObject: {fileID: 351926560968933584}
  m_LocalRotation: {x: 0.030786827, y: -0.05932135, z: 0.4596494, w: -0.8855821}
  m_LocalPosition: {x: -6.225733, y: 5.7, z: -104.11788}
  m_LocalScale: {x: 645.7644, y: 645.76447, z: 645.7644}
  m_Children: []
  m_Father: {fileID: 642158541043845130}
  m_RootOrder: 5
  m_LocalEulerAnglesHint: {x: -180, y: 180.141, z: 125.138}
--- !u!33 &9106622520330958194
MeshFilter:
  m_ObjectHideFlags: 0
  m_CorrespondingSourceObject: {fileID: 0}
  m_PrefabInstance: {fileID: 0}
  m_PrefabAsset: {fileID: 0}
  m_GameObject: {fileID: 351926560968933584}
  m_Mesh: {fileID: 4300000, guid: 245498c72c2ddce42ac434a2b0727c94, type: 3}
--- !u!23 &5175334485280696340
MeshRenderer:
  m_ObjectHideFlags: 0
  m_CorrespondingSourceObject: {fileID: 0}
  m_PrefabInstance: {fileID: 0}
  m_PrefabAsset: {fileID: 0}
  m_GameObject: {fileID: 351926560968933584}
  m_Enabled: 1
  m_CastShadows: 0
  m_ReceiveShadows: 1
  m_DynamicOccludee: 1
  m_MotionVectors: 1
  m_LightProbeUsage: 1
  m_ReflectionProbeUsage: 1
  m_RayTracingMode: 2
  m_RenderingLayerMask: 1
  m_RendererPriority: 0
  m_Materials:
  - {fileID: 2100000, guid: f510126ecb134f34c87442b9e64e1d94, type: 2}
  m_StaticBatchInfo:
    firstSubMesh: 0
    subMeshCount: 0
  m_StaticBatchRoot: {fileID: 0}
  m_ProbeAnchor: {fileID: 0}
  m_LightProbeVolumeOverride: {fileID: 0}
  m_ScaleInLightmap: 1
  m_ReceiveGI: 1
  m_PreserveUVs: 0
  m_IgnoreNormalsForChartDetection: 0
  m_ImportantGI: 0
  m_StitchLightmapSeams: 1
  m_SelectedEditorRenderState: 3
  m_MinimumChartSize: 4
  m_AutoUVMaxDistance: 0.5
  m_AutoUVMaxAngle: 89
  m_LightmapParameters: {fileID: 0}
  m_SortingLayerID: 0
  m_SortingLayer: 0
  m_SortingOrder: 0
--- !u!1 &642158539235723795
GameObject:
  m_ObjectHideFlags: 0
  m_CorrespondingSourceObject: {fileID: 0}
  m_PrefabInstance: {fileID: 0}
  m_PrefabAsset: {fileID: 0}
  serializedVersion: 6
  m_Component:
  - component: {fileID: 642158539235723792}
  - component: {fileID: 642158539235723798}
  - component: {fileID: 642158539235723793}
  m_Layer: 0
  m_Name: rock_pillar_01_lp (2)
  m_TagString: Untagged
  m_Icon: {fileID: 0}
  m_NavMeshLayer: 0
  m_StaticEditorFlags: 0
  m_IsActive: 1
--- !u!4 &642158539235723792
Transform:
  m_ObjectHideFlags: 0
  m_CorrespondingSourceObject: {fileID: 0}
  m_PrefabInstance: {fileID: 0}
  m_PrefabAsset: {fileID: 0}
  m_GameObject: {fileID: 642158539235723795}
  m_LocalRotation: {x: -0.5145365, y: 0.83847517, z: -0.00714822, w: -0.1793338}
  m_LocalPosition: {x: 4.482296, y: 8.6831875, z: -51.184055}
  m_LocalScale: {x: 645.7644, y: 645.7644, z: 645.7644}
  m_Children: []
  m_Father: {fileID: 642158541043845130}
  m_RootOrder: 2
  m_LocalEulerAnglesHint: {x: 11.334001, y: -162.59001, z: 298.66998}
--- !u!33 &642158539235723798
MeshFilter:
  m_ObjectHideFlags: 0
  m_CorrespondingSourceObject: {fileID: 0}
  m_PrefabInstance: {fileID: 0}
  m_PrefabAsset: {fileID: 0}
  m_GameObject: {fileID: 642158539235723795}
  m_Mesh: {fileID: 4300000, guid: 245498c72c2ddce42ac434a2b0727c94, type: 3}
--- !u!23 &642158539235723793
MeshRenderer:
  m_ObjectHideFlags: 0
  m_CorrespondingSourceObject: {fileID: 0}
  m_PrefabInstance: {fileID: 0}
  m_PrefabAsset: {fileID: 0}
  m_GameObject: {fileID: 642158539235723795}
  m_Enabled: 1
  m_CastShadows: 0
  m_ReceiveShadows: 1
  m_DynamicOccludee: 1
  m_MotionVectors: 1
  m_LightProbeUsage: 1
  m_ReflectionProbeUsage: 1
  m_RayTracingMode: 2
  m_RenderingLayerMask: 1
  m_RendererPriority: 0
  m_Materials:
  - {fileID: 2100000, guid: f510126ecb134f34c87442b9e64e1d94, type: 2}
  m_StaticBatchInfo:
    firstSubMesh: 0
    subMeshCount: 0
  m_StaticBatchRoot: {fileID: 0}
  m_ProbeAnchor: {fileID: 0}
  m_LightProbeVolumeOverride: {fileID: 0}
  m_ScaleInLightmap: 1
  m_ReceiveGI: 1
  m_PreserveUVs: 0
  m_IgnoreNormalsForChartDetection: 0
  m_ImportantGI: 0
  m_StitchLightmapSeams: 1
  m_SelectedEditorRenderState: 3
  m_MinimumChartSize: 4
  m_AutoUVMaxDistance: 0.5
  m_AutoUVMaxAngle: 89
  m_LightmapParameters: {fileID: 0}
  m_SortingLayerID: 0
  m_SortingLayer: 0
  m_SortingOrder: 0
--- !u!1 &642158539398451324
GameObject:
  m_ObjectHideFlags: 0
  m_CorrespondingSourceObject: {fileID: 0}
  m_PrefabInstance: {fileID: 0}
  m_PrefabAsset: {fileID: 0}
  serializedVersion: 6
  m_Component:
  - component: {fileID: 642158539398451325}
  - component: {fileID: 642158539398451315}
  - component: {fileID: 642158539398451314}
  m_Layer: 0
  m_Name: rock_pillar_01_lp
  m_TagString: Untagged
  m_Icon: {fileID: 0}
  m_NavMeshLayer: 0
  m_StaticEditorFlags: 0
  m_IsActive: 1
--- !u!4 &642158539398451325
Transform:
  m_ObjectHideFlags: 0
  m_CorrespondingSourceObject: {fileID: 0}
  m_PrefabInstance: {fileID: 0}
  m_PrefabAsset: {fileID: 0}
  m_GameObject: {fileID: 642158539398451324}
  m_LocalRotation: {x: -0.7071068, y: -0, z: -0, w: 0.7071067}
  m_LocalPosition: {x: 3, y: -8.0175, z: -23.8}
  m_LocalScale: {x: 461.59, y: 461.59, z: 461.59}
  m_Children: []
  m_Father: {fileID: 642158541043845130}
  m_RootOrder: 0
  m_LocalEulerAnglesHint: {x: 0, y: 0, z: 0}
--- !u!33 &642158539398451315
MeshFilter:
  m_ObjectHideFlags: 0
  m_CorrespondingSourceObject: {fileID: 0}
  m_PrefabInstance: {fileID: 0}
  m_PrefabAsset: {fileID: 0}
  m_GameObject: {fileID: 642158539398451324}
  m_Mesh: {fileID: 4300000, guid: 245498c72c2ddce42ac434a2b0727c94, type: 3}
--- !u!23 &642158539398451314
MeshRenderer:
  m_ObjectHideFlags: 0
  m_CorrespondingSourceObject: {fileID: 0}
  m_PrefabInstance: {fileID: 0}
  m_PrefabAsset: {fileID: 0}
  m_GameObject: {fileID: 642158539398451324}
  m_Enabled: 1
  m_CastShadows: 0
  m_ReceiveShadows: 1
  m_DynamicOccludee: 1
  m_MotionVectors: 1
  m_LightProbeUsage: 1
  m_ReflectionProbeUsage: 1
  m_RayTracingMode: 2
  m_RenderingLayerMask: 1
  m_RendererPriority: 0
  m_Materials:
  - {fileID: 2100000, guid: f510126ecb134f34c87442b9e64e1d94, type: 2}
  m_StaticBatchInfo:
    firstSubMesh: 0
    subMeshCount: 0
  m_StaticBatchRoot: {fileID: 0}
  m_ProbeAnchor: {fileID: 0}
  m_LightProbeVolumeOverride: {fileID: 0}
  m_ScaleInLightmap: 1
  m_ReceiveGI: 1
  m_PreserveUVs: 0
  m_IgnoreNormalsForChartDetection: 0
  m_ImportantGI: 0
  m_StitchLightmapSeams: 1
  m_SelectedEditorRenderState: 3
  m_MinimumChartSize: 4
  m_AutoUVMaxDistance: 0.5
  m_AutoUVMaxAngle: 89
  m_LightmapParameters: {fileID: 0}
  m_SortingLayerID: 0
  m_SortingLayer: 0
  m_SortingOrder: 0
--- !u!1 &642158539680395058
GameObject:
  m_ObjectHideFlags: 0
  m_CorrespondingSourceObject: {fileID: 0}
  m_PrefabInstance: {fileID: 0}
  m_PrefabAsset: {fileID: 0}
  serializedVersion: 6
  m_Component:
  - component: {fileID: 642158539680395059}
  - component: {fileID: 642158539680395057}
  - component: {fileID: 642158539680395056}
  m_Layer: 0
  m_Name: rock_pillar_01_lp (1)
  m_TagString: Untagged
  m_Icon: {fileID: 0}
  m_NavMeshLayer: 0
  m_StaticEditorFlags: 0
  m_IsActive: 1
--- !u!4 &642158539680395059
Transform:
  m_ObjectHideFlags: 0
  m_CorrespondingSourceObject: {fileID: 0}
  m_PrefabInstance: {fileID: 0}
  m_PrefabAsset: {fileID: 0}
  m_GameObject: {fileID: 642158539680395058}
  m_LocalRotation: {x: 0.00000032782552, y: -0.000000104308114, z: -1, w: 3.6415312e-14}
  m_LocalPosition: {x: -10.2, y: 4.99, z: -59.28}
  m_LocalScale: {x: 645.7644, y: 645.7644, z: 645.7644}
  m_Children: []
  m_Father: {fileID: 642158540972620007}
  m_RootOrder: 1
  m_LocalEulerAnglesHint: {x: -180, y: -180, z: -0.000015258789}
--- !u!33 &642158539680395057
MeshFilter:
  m_ObjectHideFlags: 0
  m_CorrespondingSourceObject: {fileID: 0}
  m_PrefabInstance: {fileID: 0}
  m_PrefabAsset: {fileID: 0}
  m_GameObject: {fileID: 642158539680395058}
  m_Mesh: {fileID: 4300000, guid: 245498c72c2ddce42ac434a2b0727c94, type: 3}
--- !u!23 &642158539680395056
MeshRenderer:
  m_ObjectHideFlags: 0
  m_CorrespondingSourceObject: {fileID: 0}
  m_PrefabInstance: {fileID: 0}
  m_PrefabAsset: {fileID: 0}
  m_GameObject: {fileID: 642158539680395058}
  m_Enabled: 1
  m_CastShadows: 0
  m_ReceiveShadows: 1
  m_DynamicOccludee: 1
  m_MotionVectors: 1
  m_LightProbeUsage: 1
  m_ReflectionProbeUsage: 1
  m_RayTracingMode: 2
  m_RenderingLayerMask: 1
  m_RendererPriority: 0
  m_Materials:
  - {fileID: 2100000, guid: f510126ecb134f34c87442b9e64e1d94, type: 2}
  m_StaticBatchInfo:
    firstSubMesh: 0
    subMeshCount: 0
  m_StaticBatchRoot: {fileID: 0}
  m_ProbeAnchor: {fileID: 0}
  m_LightProbeVolumeOverride: {fileID: 0}
  m_ScaleInLightmap: 1
  m_ReceiveGI: 1
  m_PreserveUVs: 0
  m_IgnoreNormalsForChartDetection: 0
  m_ImportantGI: 0
  m_StitchLightmapSeams: 1
  m_SelectedEditorRenderState: 3
  m_MinimumChartSize: 4
  m_AutoUVMaxDistance: 0.5
  m_AutoUVMaxAngle: 89
  m_LightmapParameters: {fileID: 0}
  m_SortingLayerID: 0
  m_SortingLayer: 0
  m_SortingOrder: 0
--- !u!1 &642158539994665116
GameObject:
  m_ObjectHideFlags: 0
  m_CorrespondingSourceObject: {fileID: 0}
  m_PrefabInstance: {fileID: 0}
  m_PrefabAsset: {fileID: 0}
  serializedVersion: 6
  m_Component:
  - component: {fileID: 642158539994665117}
  - component: {fileID: 642158539994665107}
  - component: {fileID: 642158539994665106}
  m_Layer: 0
  m_Name: rock_pillar_01_lp (2)
  m_TagString: Untagged
  m_Icon: {fileID: 0}
  m_NavMeshLayer: 0
  m_StaticEditorFlags: 0
  m_IsActive: 1
--- !u!4 &642158539994665117
Transform:
  m_ObjectHideFlags: 0
  m_CorrespondingSourceObject: {fileID: 0}
  m_PrefabInstance: {fileID: 0}
  m_PrefabAsset: {fileID: 0}
  m_GameObject: {fileID: 642158539994665116}
  m_LocalRotation: {x: 0.11629884, y: 0.2566288, z: -0.4933088, w: 0.82295966}
  m_LocalPosition: {x: -11.9, y: 8.62, z: -76.93737}
  m_LocalScale: {x: 645.7644, y: 645.7644, z: 645.7644}
  m_Children: []
  m_Father: {fileID: 642158540972620007}
  m_RootOrder: 2
  m_LocalEulerAnglesHint: {x: -206.399, y: -159.912, z: 122.878}
--- !u!33 &642158539994665107
MeshFilter:
  m_ObjectHideFlags: 0
  m_CorrespondingSourceObject: {fileID: 0}
  m_PrefabInstance: {fileID: 0}
  m_PrefabAsset: {fileID: 0}
  m_GameObject: {fileID: 642158539994665116}
  m_Mesh: {fileID: 4300000, guid: 245498c72c2ddce42ac434a2b0727c94, type: 3}
--- !u!23 &642158539994665106
MeshRenderer:
  m_ObjectHideFlags: 0
  m_CorrespondingSourceObject: {fileID: 0}
  m_PrefabInstance: {fileID: 0}
  m_PrefabAsset: {fileID: 0}
  m_GameObject: {fileID: 642158539994665116}
  m_Enabled: 1
  m_CastShadows: 0
  m_ReceiveShadows: 1
  m_DynamicOccludee: 1
  m_MotionVectors: 1
  m_LightProbeUsage: 1
  m_ReflectionProbeUsage: 1
  m_RayTracingMode: 2
  m_RenderingLayerMask: 1
  m_RendererPriority: 0
  m_Materials:
  - {fileID: 2100000, guid: f510126ecb134f34c87442b9e64e1d94, type: 2}
  m_StaticBatchInfo:
    firstSubMesh: 0
    subMeshCount: 0
  m_StaticBatchRoot: {fileID: 0}
  m_ProbeAnchor: {fileID: 0}
  m_LightProbeVolumeOverride: {fileID: 0}
  m_ScaleInLightmap: 1
  m_ReceiveGI: 1
  m_PreserveUVs: 0
  m_IgnoreNormalsForChartDetection: 0
  m_ImportantGI: 0
  m_StitchLightmapSeams: 1
  m_SelectedEditorRenderState: 3
  m_MinimumChartSize: 4
  m_AutoUVMaxDistance: 0.5
  m_AutoUVMaxAngle: 89
  m_LightmapParameters: {fileID: 0}
  m_SortingLayerID: 0
  m_SortingLayer: 0
  m_SortingOrder: 0
--- !u!1 &642158540036022213
GameObject:
  m_ObjectHideFlags: 0
  m_CorrespondingSourceObject: {fileID: 0}
  m_PrefabInstance: {fileID: 0}
  m_PrefabAsset: {fileID: 0}
  serializedVersion: 6
  m_Component:
  - component: {fileID: 642158540036022266}
  - component: {fileID: 642158540036022267}
  - component: {fileID: 642158540036022264}
  m_Layer: 0
  m_Name: CanyonLR
  m_TagString: Scenery
  m_Icon: {fileID: 0}
  m_NavMeshLayer: 0
  m_StaticEditorFlags: 0
  m_IsActive: 1
--- !u!4 &642158540036022266
Transform:
  m_ObjectHideFlags: 0
  m_CorrespondingSourceObject: {fileID: 0}
  m_PrefabInstance: {fileID: 0}
  m_PrefabAsset: {fileID: 0}
  m_GameObject: {fileID: 642158540036022213}
  m_LocalRotation: {x: 0, y: 0, z: 0, w: 1}
  m_LocalPosition: {x: 7.989688, y: 7.6, z: 12.1}
  m_LocalScale: {x: 1, y: 1, z: 1}
  m_Children:
  - {fileID: 642158540972620007}
  - {fileID: 642158541043845130}
  m_Father: {fileID: 0}
  m_RootOrder: 0
  m_LocalEulerAnglesHint: {x: 0, y: 0, z: 0}
--- !u!65 &642158540036022267
BoxCollider:
  m_ObjectHideFlags: 0
  m_CorrespondingSourceObject: {fileID: 0}
  m_PrefabInstance: {fileID: 0}
  m_PrefabAsset: {fileID: 0}
  m_GameObject: {fileID: 642158540036022213}
  m_Material: {fileID: 0}
  m_IsTrigger: 0
  m_Enabled: 1
  serializedVersion: 2
  m_Size: {x: 10.661681, y: 2.8548508, z: 1.0907288}
  m_Center: {x: -9.17, y: -6, z: -121.6}
--- !u!54 &642158540036022264
Rigidbody:
  m_ObjectHideFlags: 0
  m_CorrespondingSourceObject: {fileID: 0}
  m_PrefabInstance: {fileID: 0}
  m_PrefabAsset: {fileID: 0}
  m_GameObject: {fileID: 642158540036022213}
  serializedVersion: 2
  m_Mass: 1
  m_Drag: 0
  m_AngularDrag: 0.05
  m_UseGravity: 0
  m_IsKinematic: 1
  m_Interpolate: 0
  m_Constraints: 126
  m_CollisionDetection: 3
--- !u!1 &642158540047352279
GameObject:
  m_ObjectHideFlags: 0
  m_CorrespondingSourceObject: {fileID: 0}
  m_PrefabInstance: {fileID: 0}
  m_PrefabAsset: {fileID: 0}
  serializedVersion: 6
  m_Component:
  - component: {fileID: 642158540047352276}
  - component: {fileID: 642158540047352266}
  - component: {fileID: 642158540047352277}
  m_Layer: 0
  m_Name: rock_pillar_01_lp (1)
  m_TagString: Untagged
  m_Icon: {fileID: 0}
  m_NavMeshLayer: 0
  m_StaticEditorFlags: 0
  m_IsActive: 1
--- !u!4 &642158540047352276
Transform:
  m_ObjectHideFlags: 0
  m_CorrespondingSourceObject: {fileID: 0}
  m_PrefabInstance: {fileID: 0}
  m_PrefabAsset: {fileID: 0}
  m_GameObject: {fileID: 642158540047352279}
  m_LocalRotation: {x: 0.3091924, y: -0.9354982, z: -0.1507166, w: 0.08079463}
  m_LocalPosition: {x: 4.1616554, y: 4.134859, z: -28.61804}
  m_LocalScale: {x: 645.7644, y: 645.7644, z: 645.7644}
  m_Children: []
  m_Father: {fileID: 642158541043845130}
  m_RootOrder: 1
  m_LocalEulerAnglesHint: {x: -166.583, y: -345.45, z: 141.70099}
--- !u!33 &642158540047352266
MeshFilter:
  m_ObjectHideFlags: 0
  m_CorrespondingSourceObject: {fileID: 0}
  m_PrefabInstance: {fileID: 0}
  m_PrefabAsset: {fileID: 0}
  m_GameObject: {fileID: 642158540047352279}
  m_Mesh: {fileID: 4300000, guid: 245498c72c2ddce42ac434a2b0727c94, type: 3}
--- !u!23 &642158540047352277
MeshRenderer:
  m_ObjectHideFlags: 0
  m_CorrespondingSourceObject: {fileID: 0}
  m_PrefabInstance: {fileID: 0}
  m_PrefabAsset: {fileID: 0}
  m_GameObject: {fileID: 642158540047352279}
  m_Enabled: 1
  m_CastShadows: 0
  m_ReceiveShadows: 1
  m_DynamicOccludee: 1
  m_MotionVectors: 1
  m_LightProbeUsage: 1
  m_ReflectionProbeUsage: 1
  m_RayTracingMode: 2
  m_RenderingLayerMask: 1
  m_RendererPriority: 0
  m_Materials:
  - {fileID: 2100000, guid: f510126ecb134f34c87442b9e64e1d94, type: 2}
  m_StaticBatchInfo:
    firstSubMesh: 0
    subMeshCount: 0
  m_StaticBatchRoot: {fileID: 0}
  m_ProbeAnchor: {fileID: 0}
  m_LightProbeVolumeOverride: {fileID: 0}
  m_ScaleInLightmap: 1
  m_ReceiveGI: 1
  m_PreserveUVs: 0
  m_IgnoreNormalsForChartDetection: 0
  m_ImportantGI: 0
  m_StitchLightmapSeams: 1
  m_SelectedEditorRenderState: 3
  m_MinimumChartSize: 4
  m_AutoUVMaxDistance: 0.5
  m_AutoUVMaxAngle: 89
  m_LightmapParameters: {fileID: 0}
  m_SortingLayerID: 0
  m_SortingLayer: 0
  m_SortingOrder: 0
--- !u!1 &642158540972620006
GameObject:
  m_ObjectHideFlags: 0
  m_CorrespondingSourceObject: {fileID: 0}
  m_PrefabInstance: {fileID: 0}
  m_PrefabAsset: {fileID: 0}
  serializedVersion: 6
  m_Component:
  - component: {fileID: 642158540972620007}
  m_Layer: 0
  m_Name: CanyonsR
  m_TagString: Untagged
  m_Icon: {fileID: 0}
  m_NavMeshLayer: 0
  m_StaticEditorFlags: 0
  m_IsActive: 1
--- !u!4 &642158540972620007
Transform:
  m_ObjectHideFlags: 0
  m_CorrespondingSourceObject: {fileID: 0}
  m_PrefabInstance: {fileID: 0}
  m_PrefabAsset: {fileID: 0}
  m_GameObject: {fileID: 642158540972620006}
  m_LocalRotation: {x: -0, y: -0, z: -0, w: 1}
  m_LocalPosition: {x: -14.759687, y: -8.576701, z: 23.244055}
  m_LocalScale: {x: 1, y: 1, z: 1}
  m_Children:
  - {fileID: 7674929700868241547}
  - {fileID: 642158539680395059}
  - {fileID: 642158539994665117}
  - {fileID: 450694548188302985}
  - {fileID: 291491234301541514}
  - {fileID: 3883934689769700255}
  - {fileID: 8723307107805753089}
  - {fileID: 7395614017344398200}
  m_Father: {fileID: 642158540036022266}
  m_RootOrder: 0
  m_LocalEulerAnglesHint: {x: 0, y: 0, z: 0}
--- !u!1 &642158541043845141
GameObject:
  m_ObjectHideFlags: 0
  m_CorrespondingSourceObject: {fileID: 0}
  m_PrefabInstance: {fileID: 0}
  m_PrefabAsset: {fileID: 0}
  serializedVersion: 6
  m_Component:
  - component: {fileID: 642158541043845130}
  m_Layer: 0
  m_Name: CanyonsL
  m_TagString: Untagged
  m_Icon: {fileID: 0}
  m_NavMeshLayer: 0
  m_StaticEditorFlags: 0
  m_IsActive: 1
--- !u!4 &642158541043845130
Transform:
  m_ObjectHideFlags: 0
  m_CorrespondingSourceObject: {fileID: 0}
  m_PrefabInstance: {fileID: 0}
  m_PrefabAsset: {fileID: 0}
  m_GameObject: {fileID: 642158541043845141}
  m_LocalRotation: {x: -0, y: -0.06560627, z: -0, w: 0.9978456}
  m_LocalPosition: {x: 3.4803123, y: -8.576701, z: 23.166502}
  m_LocalScale: {x: 1, y: 1, z: 1}
  m_Children:
  - {fileID: 642158539398451325}
  - {fileID: 642158540047352276}
  - {fileID: 642158539235723792}
  - {fileID: 2037559703682420661}
  - {fileID: 6155355715340974929}
  - {fileID: 3296699862456692307}
  - {fileID: 3271324996754941424}
  - {fileID: 3571235294326022642}
  - {fileID: 4344193605526045835}
  - {fileID: 7587570756672541813}
  m_Father: {fileID: 642158540036022266}
  m_RootOrder: 1
  m_LocalEulerAnglesHint: {x: 0, y: -7.5230002, z: 0}
--- !u!1 &981135649344375348
GameObject:
  m_ObjectHideFlags: 0
  m_CorrespondingSourceObject: {fileID: 0}
  m_PrefabInstance: {fileID: 0}
  m_PrefabAsset: {fileID: 0}
  serializedVersion: 6
  m_Component:
  - component: {fileID: 7587570756672541813}
  - component: {fileID: 7776331704167794264}
  - component: {fileID: 8681286554285996838}
  m_Layer: 0
  m_Name: rock_pillar_01_lp (14)
  m_TagString: Untagged
  m_Icon: {fileID: 0}
  m_NavMeshLayer: 0
  m_StaticEditorFlags: 0
  m_IsActive: 1
--- !u!4 &7587570756672541813
Transform:
  m_ObjectHideFlags: 0
  m_CorrespondingSourceObject: {fileID: 0}
  m_PrefabInstance: {fileID: 0}
  m_PrefabAsset: {fileID: 0}
  m_GameObject: {fileID: 981135649344375348}
  m_LocalRotation: {x: 0.030786827, y: -0.05932135, z: 0.4596494, w: -0.8855821}
  m_LocalPosition: {x: -48.6, y: 3.8000002, z: -98.5}
  m_LocalScale: {x: 645.7644, y: 645.76447, z: 645.7644}
  m_Children: []
  m_Father: {fileID: 642158541043845130}
  m_RootOrder: 9
  m_LocalEulerAnglesHint: {x: -180, y: 180.141, z: 125.138}
--- !u!33 &7776331704167794264
MeshFilter:
  m_ObjectHideFlags: 0
  m_CorrespondingSourceObject: {fileID: 0}
  m_PrefabInstance: {fileID: 0}
  m_PrefabAsset: {fileID: 0}
  m_GameObject: {fileID: 981135649344375348}
  m_Mesh: {fileID: 4300000, guid: 245498c72c2ddce42ac434a2b0727c94, type: 3}
--- !u!23 &8681286554285996838
MeshRenderer:
  m_ObjectHideFlags: 0
  m_CorrespondingSourceObject: {fileID: 0}
  m_PrefabInstance: {fileID: 0}
  m_PrefabAsset: {fileID: 0}
  m_GameObject: {fileID: 981135649344375348}
  m_Enabled: 1
  m_CastShadows: 0
  m_ReceiveShadows: 1
  m_DynamicOccludee: 1
  m_MotionVectors: 1
  m_LightProbeUsage: 1
  m_ReflectionProbeUsage: 1
  m_RayTracingMode: 2
  m_RenderingLayerMask: 1
  m_RendererPriority: 0
  m_Materials:
  - {fileID: 2100000, guid: f510126ecb134f34c87442b9e64e1d94, type: 2}
  m_StaticBatchInfo:
    firstSubMesh: 0
    subMeshCount: 0
  m_StaticBatchRoot: {fileID: 0}
  m_ProbeAnchor: {fileID: 0}
  m_LightProbeVolumeOverride: {fileID: 0}
  m_ScaleInLightmap: 1
  m_ReceiveGI: 1
  m_PreserveUVs: 0
  m_IgnoreNormalsForChartDetection: 0
  m_ImportantGI: 0
  m_StitchLightmapSeams: 1
  m_SelectedEditorRenderState: 3
  m_MinimumChartSize: 4
  m_AutoUVMaxDistance: 0.5
  m_AutoUVMaxAngle: 89
  m_LightmapParameters: {fileID: 0}
  m_SortingLayerID: 0
  m_SortingLayer: 0
  m_SortingOrder: 0
--- !u!1 &1945431627597945610
GameObject:
  m_ObjectHideFlags: 0
  m_CorrespondingSourceObject: {fileID: 0}
  m_PrefabInstance: {fileID: 0}
  m_PrefabAsset: {fileID: 0}
  serializedVersion: 6
  m_Component:
  - component: {fileID: 3883934689769700255}
  - component: {fileID: 6660035033530463071}
  - component: {fileID: 2074536924721691282}
  m_Layer: 0
  m_Name: rock_pillar_01_lp (5)
  m_TagString: Untagged
  m_Icon: {fileID: 0}
  m_NavMeshLayer: 0
  m_StaticEditorFlags: 0
  m_IsActive: 1
--- !u!4 &3883934689769700255
Transform:
  m_ObjectHideFlags: 0
  m_CorrespondingSourceObject: {fileID: 0}
  m_PrefabInstance: {fileID: 0}
  m_PrefabAsset: {fileID: 0}
  m_GameObject: {fileID: 1945431627597945610}
  m_LocalRotation: {x: -0.46067935, y: 0.8875667, z: -0.0000015959397, w: -0.0000028483926}
  m_LocalPosition: {x: -11.669619, y: 3.8, z: -119.2}
  m_LocalScale: {x: 645.7644, y: 645.7644, z: 645.7644}
  m_Children: []
  m_Father: {fileID: 642158540972620007}
  m_RootOrder: 5
  m_LocalEulerAnglesHint: {x: -180, y: -0.000015258789, z: 125.138}
--- !u!33 &6660035033530463071
MeshFilter:
  m_ObjectHideFlags: 0
  m_CorrespondingSourceObject: {fileID: 0}
  m_PrefabInstance: {fileID: 0}
  m_PrefabAsset: {fileID: 0}
  m_GameObject: {fileID: 1945431627597945610}
  m_Mesh: {fileID: 4300000, guid: 245498c72c2ddce42ac434a2b0727c94, type: 3}
--- !u!23 &2074536924721691282
MeshRenderer:
  m_ObjectHideFlags: 0
  m_CorrespondingSourceObject: {fileID: 0}
  m_PrefabInstance: {fileID: 0}
  m_PrefabAsset: {fileID: 0}
  m_GameObject: {fileID: 1945431627597945610}
  m_Enabled: 1
  m_CastShadows: 0
  m_ReceiveShadows: 1
  m_DynamicOccludee: 1
  m_MotionVectors: 1
  m_LightProbeUsage: 1
  m_ReflectionProbeUsage: 1
  m_RayTracingMode: 2
  m_RenderingLayerMask: 1
  m_RendererPriority: 0
  m_Materials:
  - {fileID: 2100000, guid: f510126ecb134f34c87442b9e64e1d94, type: 2}
  m_StaticBatchInfo:
    firstSubMesh: 0
    subMeshCount: 0
  m_StaticBatchRoot: {fileID: 0}
  m_ProbeAnchor: {fileID: 0}
  m_LightProbeVolumeOverride: {fileID: 0}
  m_ScaleInLightmap: 1
  m_ReceiveGI: 1
  m_PreserveUVs: 0
  m_IgnoreNormalsForChartDetection: 0
  m_ImportantGI: 0
  m_StitchLightmapSeams: 1
  m_SelectedEditorRenderState: 3
  m_MinimumChartSize: 4
  m_AutoUVMaxDistance: 0.5
  m_AutoUVMaxAngle: 89
  m_LightmapParameters: {fileID: 0}
  m_SortingLayerID: 0
  m_SortingLayer: 0
  m_SortingOrder: 0
--- !u!1 &2115659941333844716
GameObject:
  m_ObjectHideFlags: 0
  m_CorrespondingSourceObject: {fileID: 0}
  m_PrefabInstance: {fileID: 0}
  m_PrefabAsset: {fileID: 0}
  serializedVersion: 6
  m_Component:
  - component: {fileID: 4344193605526045835}
  - component: {fileID: 3128000402729167208}
  - component: {fileID: 7828222494276238561}
  m_Layer: 0
  m_Name: rock_pillar_01_lp (4)
  m_TagString: Untagged
  m_Icon: {fileID: 0}
  m_NavMeshLayer: 0
  m_StaticEditorFlags: 0
  m_IsActive: 1
--- !u!4 &4344193605526045835
Transform:
  m_ObjectHideFlags: 0
  m_CorrespondingSourceObject: {fileID: 0}
  m_PrefabInstance: {fileID: 0}
  m_PrefabAsset: {fileID: 0}
  m_GameObject: {fileID: 2115659941333844716}
  m_LocalRotation: {x: 0.024247224, y: -0.04357347, z: 0.108986534, w: -0.9927918}
  m_LocalPosition: {x: -3.2961998, y: 2.88, z: -88.45166}
  m_LocalScale: {x: 645.7644, y: 645.7644, z: 645.7644}
  m_Children: []
  m_Father: {fileID: 642158541043845130}
  m_RootOrder: 8
  m_LocalEulerAnglesHint: {x: -2.2150002, y: -354.729, z: -12.6310005}
--- !u!33 &3128000402729167208
MeshFilter:
  m_ObjectHideFlags: 0
  m_CorrespondingSourceObject: {fileID: 0}
  m_PrefabInstance: {fileID: 0}
  m_PrefabAsset: {fileID: 0}
  m_GameObject: {fileID: 2115659941333844716}
  m_Mesh: {fileID: 4300000, guid: 245498c72c2ddce42ac434a2b0727c94, type: 3}
--- !u!23 &7828222494276238561
MeshRenderer:
  m_ObjectHideFlags: 0
  m_CorrespondingSourceObject: {fileID: 0}
  m_PrefabInstance: {fileID: 0}
  m_PrefabAsset: {fileID: 0}
  m_GameObject: {fileID: 2115659941333844716}
  m_Enabled: 1
  m_CastShadows: 0
  m_ReceiveShadows: 1
  m_DynamicOccludee: 1
  m_MotionVectors: 1
  m_LightProbeUsage: 1
  m_ReflectionProbeUsage: 1
  m_RayTracingMode: 2
  m_RenderingLayerMask: 1
  m_RendererPriority: 0
  m_Materials:
  - {fileID: 2100000, guid: f510126ecb134f34c87442b9e64e1d94, type: 2}
  m_StaticBatchInfo:
    firstSubMesh: 0
    subMeshCount: 0
  m_StaticBatchRoot: {fileID: 0}
  m_ProbeAnchor: {fileID: 0}
  m_LightProbeVolumeOverride: {fileID: 0}
  m_ScaleInLightmap: 1
  m_ReceiveGI: 1
  m_PreserveUVs: 0
  m_IgnoreNormalsForChartDetection: 0
  m_ImportantGI: 0
  m_StitchLightmapSeams: 1
  m_SelectedEditorRenderState: 3
  m_MinimumChartSize: 4
  m_AutoUVMaxDistance: 0.5
  m_AutoUVMaxAngle: 89
  m_LightmapParameters: {fileID: 0}
  m_SortingLayerID: 0
  m_SortingLayer: 0
  m_SortingOrder: 0
--- !u!1 &2570935457977872527
GameObject:
  m_ObjectHideFlags: 0
  m_CorrespondingSourceObject: {fileID: 0}
  m_PrefabInstance: {fileID: 0}
  m_PrefabAsset: {fileID: 0}
  serializedVersion: 6
  m_Component:
  - component: {fileID: 3271324996754941424}
  - component: {fileID: 6155961597223805470}
  - component: {fileID: 6964088281328029732}
  m_Layer: 0
  m_Name: rock_pillar_01_lp (13)
  m_TagString: Untagged
  m_Icon: {fileID: 0}
  m_NavMeshLayer: 0
  m_StaticEditorFlags: 0
  m_IsActive: 1
--- !u!4 &3271324996754941424
Transform:
  m_ObjectHideFlags: 0
  m_CorrespondingSourceObject: {fileID: 0}
  m_PrefabInstance: {fileID: 0}
  m_PrefabAsset: {fileID: 0}
  m_GameObject: {fileID: 2570935457977872527}
  m_LocalRotation: {x: 0.17014402, y: -0.96925044, z: -0.16455261, w: 0.06728405}
  m_LocalPosition: {x: -6.991837, y: 0.6, z: -103.92012}
  m_LocalScale: {x: 645.76447, y: 645.7644, z: 645.76434}
  m_Children: []
  m_Father: {fileID: 642158541043845130}
  m_RootOrder: 6
  m_LocalEulerAnglesHint: {x: -162.777, y: 371.255, z: 158.377}
--- !u!33 &6155961597223805470
MeshFilter:
  m_ObjectHideFlags: 0
  m_CorrespondingSourceObject: {fileID: 0}
  m_PrefabInstance: {fileID: 0}
  m_PrefabAsset: {fileID: 0}
  m_GameObject: {fileID: 2570935457977872527}
  m_Mesh: {fileID: 4300000, guid: 245498c72c2ddce42ac434a2b0727c94, type: 3}
--- !u!23 &6964088281328029732
MeshRenderer:
  m_ObjectHideFlags: 0
  m_CorrespondingSourceObject: {fileID: 0}
  m_PrefabInstance: {fileID: 0}
  m_PrefabAsset: {fileID: 0}
  m_GameObject: {fileID: 2570935457977872527}
  m_Enabled: 1
  m_CastShadows: 0
  m_ReceiveShadows: 1
  m_DynamicOccludee: 1
  m_MotionVectors: 1
  m_LightProbeUsage: 1
  m_ReflectionProbeUsage: 1
  m_RayTracingMode: 2
  m_RenderingLayerMask: 1
  m_RendererPriority: 0
  m_Materials:
  - {fileID: 2100000, guid: f510126ecb134f34c87442b9e64e1d94, type: 2}
  m_StaticBatchInfo:
    firstSubMesh: 0
    subMeshCount: 0
  m_StaticBatchRoot: {fileID: 0}
  m_ProbeAnchor: {fileID: 0}
  m_LightProbeVolumeOverride: {fileID: 0}
  m_ScaleInLightmap: 1
  m_ReceiveGI: 1
  m_PreserveUVs: 0
  m_IgnoreNormalsForChartDetection: 0
  m_ImportantGI: 0
  m_StitchLightmapSeams: 1
  m_SelectedEditorRenderState: 3
  m_MinimumChartSize: 4
  m_AutoUVMaxDistance: 0.5
  m_AutoUVMaxAngle: 89
  m_LightmapParameters: {fileID: 0}
  m_SortingLayerID: 0
  m_SortingLayer: 0
  m_SortingOrder: 0
--- !u!1 &3695374880190600999
GameObject:
  m_ObjectHideFlags: 0
  m_CorrespondingSourceObject: {fileID: 0}
  m_PrefabInstance: {fileID: 0}
  m_PrefabAsset: {fileID: 0}
  serializedVersion: 6
  m_Component:
  - component: {fileID: 7395614017344398200}
  - component: {fileID: 2942976129569273760}
  - component: {fileID: 8414725391587351658}
  m_Layer: 0
  m_Name: rock_pillar_01_lp (7)
  m_TagString: Untagged
  m_Icon: {fileID: 0}
  m_NavMeshLayer: 0
  m_StaticEditorFlags: 0
  m_IsActive: 1
--- !u!4 &7395614017344398200
Transform:
  m_ObjectHideFlags: 0
  m_CorrespondingSourceObject: {fileID: 0}
  m_PrefabInstance: {fileID: 0}
  m_PrefabAsset: {fileID: 0}
  m_GameObject: {fileID: 3695374880190600999}
  m_LocalRotation: {x: -0.016871491, y: 0.0014093398, z: -0.8056204, w: 0.59219027}
  m_LocalPosition: {x: -15.29, y: 6.211248, z: -59.313316}
  m_LocalScale: {x: 645.7644, y: 645.7644, z: 645.7644}
  m_Children: []
  m_Father: {fileID: 642158540972620007}
  m_RootOrder: 7
  m_LocalEulerAnglesHint: {x: -178.985, y: -178.346, z: 72.62299}
--- !u!33 &2942976129569273760
MeshFilter:
  m_ObjectHideFlags: 0
  m_CorrespondingSourceObject: {fileID: 0}
  m_PrefabInstance: {fileID: 0}
  m_PrefabAsset: {fileID: 0}
  m_GameObject: {fileID: 3695374880190600999}
  m_Mesh: {fileID: 4300000, guid: 245498c72c2ddce42ac434a2b0727c94, type: 3}
--- !u!23 &8414725391587351658
MeshRenderer:
  m_ObjectHideFlags: 0
  m_CorrespondingSourceObject: {fileID: 0}
  m_PrefabInstance: {fileID: 0}
  m_PrefabAsset: {fileID: 0}
  m_GameObject: {fileID: 3695374880190600999}
  m_Enabled: 1
  m_CastShadows: 0
  m_ReceiveShadows: 1
  m_DynamicOccludee: 1
  m_MotionVectors: 1
  m_LightProbeUsage: 1
  m_ReflectionProbeUsage: 1
  m_RayTracingMode: 2
  m_RenderingLayerMask: 1
  m_RendererPriority: 0
  m_Materials:
  - {fileID: 2100000, guid: f510126ecb134f34c87442b9e64e1d94, type: 2}
  m_StaticBatchInfo:
    firstSubMesh: 0
    subMeshCount: 0
  m_StaticBatchRoot: {fileID: 0}
  m_ProbeAnchor: {fileID: 0}
  m_LightProbeVolumeOverride: {fileID: 0}
  m_ScaleInLightmap: 1
  m_ReceiveGI: 1
  m_PreserveUVs: 0
  m_IgnoreNormalsForChartDetection: 0
  m_ImportantGI: 0
  m_StitchLightmapSeams: 1
  m_SelectedEditorRenderState: 3
  m_MinimumChartSize: 4
  m_AutoUVMaxDistance: 0.5
  m_AutoUVMaxAngle: 89
  m_LightmapParameters: {fileID: 0}
  m_SortingLayerID: 0
  m_SortingLayer: 0
  m_SortingOrder: 0
--- !u!1 &4772662516703220694
GameObject:
  m_ObjectHideFlags: 0
  m_CorrespondingSourceObject: {fileID: 0}
  m_PrefabInstance: {fileID: 0}
  m_PrefabAsset: {fileID: 0}
  serializedVersion: 6
  m_Component:
  - component: {fileID: 8723307107805753089}
  - component: {fileID: 3349050739470906781}
  - component: {fileID: 5669423015263675906}
  m_Layer: 0
  m_Name: rock_pillar_01_lp (6)
  m_TagString: Untagged
  m_Icon: {fileID: 0}
  m_NavMeshLayer: 0
  m_StaticEditorFlags: 0
  m_IsActive: 1
--- !u!4 &8723307107805753089
Transform:
  m_ObjectHideFlags: 0
  m_CorrespondingSourceObject: {fileID: 0}
  m_PrefabInstance: {fileID: 0}
  m_PrefabAsset: {fileID: 0}
  m_GameObject: {fileID: 4772662516703220694}
  m_LocalRotation: {x: -0.25711396, y: 0.15014677, z: -0.91189075, w: 0.28249547}
  m_LocalPosition: {x: -17.037416, y: 2.8584948, z: -110.08115}
  m_LocalScale: {x: 645.7644, y: 645.7644, z: 645.7644}
  m_Children: []
  m_Father: {fileID: 642158540972620007}
  m_RootOrder: 6
  m_LocalEulerAnglesHint: {x: -187.387, y: 213.944, z: 396.682}
--- !u!33 &3349050739470906781
MeshFilter:
  m_ObjectHideFlags: 0
  m_CorrespondingSourceObject: {fileID: 0}
  m_PrefabInstance: {fileID: 0}
  m_PrefabAsset: {fileID: 0}
  m_GameObject: {fileID: 4772662516703220694}
  m_Mesh: {fileID: 4300000, guid: 245498c72c2ddce42ac434a2b0727c94, type: 3}
--- !u!23 &5669423015263675906
MeshRenderer:
  m_ObjectHideFlags: 0
  m_CorrespondingSourceObject: {fileID: 0}
  m_PrefabInstance: {fileID: 0}
  m_PrefabAsset: {fileID: 0}
  m_GameObject: {fileID: 4772662516703220694}
  m_Enabled: 1
  m_CastShadows: 0
  m_ReceiveShadows: 1
  m_DynamicOccludee: 1
  m_MotionVectors: 1
  m_LightProbeUsage: 1
  m_ReflectionProbeUsage: 1
  m_RayTracingMode: 2
  m_RenderingLayerMask: 1
  m_RendererPriority: 0
  m_Materials:
  - {fileID: 2100000, guid: f510126ecb134f34c87442b9e64e1d94, type: 2}
  m_StaticBatchInfo:
    firstSubMesh: 0
    subMeshCount: 0
  m_StaticBatchRoot: {fileID: 0}
  m_ProbeAnchor: {fileID: 0}
  m_LightProbeVolumeOverride: {fileID: 0}
  m_ScaleInLightmap: 1
  m_ReceiveGI: 1
  m_PreserveUVs: 0
  m_IgnoreNormalsForChartDetection: 0
  m_ImportantGI: 0
  m_StitchLightmapSeams: 1
  m_SelectedEditorRenderState: 3
  m_MinimumChartSize: 4
  m_AutoUVMaxDistance: 0.5
  m_AutoUVMaxAngle: 89
  m_LightmapParameters: {fileID: 0}
  m_SortingLayerID: 0
  m_SortingLayer: 0
  m_SortingOrder: 0
--- !u!1 &6531573664499309708
GameObject:
  m_ObjectHideFlags: 0
  m_CorrespondingSourceObject: {fileID: 0}
  m_PrefabInstance: {fileID: 0}
  m_PrefabAsset: {fileID: 0}
  serializedVersion: 6
  m_Component:
  - component: {fileID: 291491234301541514}
  - component: {fileID: 5731917616812952245}
  - component: {fileID: 5696600244410682490}
  m_Layer: 0
  m_Name: rock_pillar_01_lp (4)
  m_TagString: Untagged
  m_Icon: {fileID: 0}
  m_NavMeshLayer: 0
  m_StaticEditorFlags: 0
  m_IsActive: 1
--- !u!4 &291491234301541514
Transform:
  m_ObjectHideFlags: 0
  m_CorrespondingSourceObject: {fileID: 0}
  m_PrefabInstance: {fileID: 0}
  m_PrefabAsset: {fileID: 0}
  m_GameObject: {fileID: 6531573664499309708}
  m_LocalRotation: {x: -0.84075904, y: -0.011284105, z: -0.017530603, w: -0.5410079}
  m_LocalPosition: {x: -13.3, y: 10.7, z: -116.6}
  m_LocalScale: {x: 461.59, y: 461.59, z: 461.59}
  m_Children: []
  m_Father: {fileID: 642158540972620007}
  m_RootOrder: 4
  m_LocalEulerAnglesHint: {x: 114.58899, y: -5.75, z: 354.768}
--- !u!33 &5731917616812952245
MeshFilter:
  m_ObjectHideFlags: 0
  m_CorrespondingSourceObject: {fileID: 0}
  m_PrefabInstance: {fileID: 0}
  m_PrefabAsset: {fileID: 0}
  m_GameObject: {fileID: 6531573664499309708}
  m_Mesh: {fileID: 4300000, guid: 245498c72c2ddce42ac434a2b0727c94, type: 3}
--- !u!23 &5696600244410682490
MeshRenderer:
  m_ObjectHideFlags: 0
  m_CorrespondingSourceObject: {fileID: 0}
  m_PrefabInstance: {fileID: 0}
  m_PrefabAsset: {fileID: 0}
  m_GameObject: {fileID: 6531573664499309708}
  m_Enabled: 1
  m_CastShadows: 0
  m_ReceiveShadows: 1
  m_DynamicOccludee: 1
  m_MotionVectors: 1
  m_LightProbeUsage: 1
  m_ReflectionProbeUsage: 1
  m_RayTracingMode: 2
  m_RenderingLayerMask: 1
  m_RendererPriority: 0
  m_Materials:
  - {fileID: 2100000, guid: f510126ecb134f34c87442b9e64e1d94, type: 2}
  m_StaticBatchInfo:
    firstSubMesh: 0
    subMeshCount: 0
  m_StaticBatchRoot: {fileID: 0}
  m_ProbeAnchor: {fileID: 0}
  m_LightProbeVolumeOverride: {fileID: 0}
  m_ScaleInLightmap: 1
  m_ReceiveGI: 1
  m_PreserveUVs: 0
  m_IgnoreNormalsForChartDetection: 0
  m_ImportantGI: 0
  m_StitchLightmapSeams: 1
  m_SelectedEditorRenderState: 3
  m_MinimumChartSize: 4
  m_AutoUVMaxDistance: 0.5
  m_AutoUVMaxAngle: 89
  m_LightmapParameters: {fileID: 0}
  m_SortingLayerID: 0
  m_SortingLayer: 0
  m_SortingOrder: 0
--- !u!1 &7230189675064184498
GameObject:
  m_ObjectHideFlags: 0
  m_CorrespondingSourceObject: {fileID: 0}
  m_PrefabInstance: {fileID: 0}
  m_PrefabAsset: {fileID: 0}
  serializedVersion: 6
  m_Component:
  - component: {fileID: 2037559703682420661}
  - component: {fileID: 1763540241304487778}
  - component: {fileID: 6056767243411165476}
  m_Layer: 0
  m_Name: rock_pillar_01_lp (10)
  m_TagString: Untagged
  m_Icon: {fileID: 0}
  m_NavMeshLayer: 0
  m_StaticEditorFlags: 0
  m_IsActive: 1
--- !u!4 &2037559703682420661
Transform:
  m_ObjectHideFlags: 0
  m_CorrespondingSourceObject: {fileID: 0}
  m_PrefabInstance: {fileID: 0}
  m_PrefabAsset: {fileID: 0}
  m_GameObject: {fileID: 7230189675064184498}
  m_LocalRotation: {x: -0.04045654, y: -0.2182427, z: 0.13279033, w: -0.96597105}
  m_LocalPosition: {x: -16.926119, y: 5.4, z: -150.11234}
  m_LocalScale: {x: 645.7644, y: 645.7644, z: 645.7644}
  m_Children: []
  m_Father: {fileID: 642158541043845130}
  m_RootOrder: 3
  m_LocalEulerAnglesHint: {x: -187.823, y: 204.503, z: 166.047}
--- !u!33 &1763540241304487778
MeshFilter:
  m_ObjectHideFlags: 0
  m_CorrespondingSourceObject: {fileID: 0}
  m_PrefabInstance: {fileID: 0}
  m_PrefabAsset: {fileID: 0}
  m_GameObject: {fileID: 7230189675064184498}
  m_Mesh: {fileID: 4300000, guid: 245498c72c2ddce42ac434a2b0727c94, type: 3}
--- !u!23 &6056767243411165476
MeshRenderer:
  m_ObjectHideFlags: 0
  m_CorrespondingSourceObject: {fileID: 0}
  m_PrefabInstance: {fileID: 0}
  m_PrefabAsset: {fileID: 0}
  m_GameObject: {fileID: 7230189675064184498}
  m_Enabled: 1
  m_CastShadows: 0
  m_ReceiveShadows: 1
  m_DynamicOccludee: 1
  m_MotionVectors: 1
  m_LightProbeUsage: 1
  m_ReflectionProbeUsage: 1
  m_RayTracingMode: 2
  m_RenderingLayerMask: 1
  m_RendererPriority: 0
  m_Materials:
  - {fileID: 2100000, guid: f510126ecb134f34c87442b9e64e1d94, type: 2}
  m_StaticBatchInfo:
    firstSubMesh: 0
    subMeshCount: 0
  m_StaticBatchRoot: {fileID: 0}
  m_ProbeAnchor: {fileID: 0}
  m_LightProbeVolumeOverride: {fileID: 0}
  m_ScaleInLightmap: 1
  m_ReceiveGI: 1
  m_PreserveUVs: 0
  m_IgnoreNormalsForChartDetection: 0
  m_ImportantGI: 0
  m_StitchLightmapSeams: 1
  m_SelectedEditorRenderState: 3
  m_MinimumChartSize: 4
  m_AutoUVMaxDistance: 0.5
  m_AutoUVMaxAngle: 89
  m_LightmapParameters: {fileID: 0}
  m_SortingLayerID: 0
  m_SortingLayer: 0
  m_SortingOrder: 0
--- !u!1 &7250759580690211332
GameObject:
  m_ObjectHideFlags: 0
  m_CorrespondingSourceObject: {fileID: 0}
  m_PrefabInstance: {fileID: 0}
  m_PrefabAsset: {fileID: 0}
  serializedVersion: 6
  m_Component:
  - component: {fileID: 3571235294326022642}
  - component: {fileID: 3268835794038568888}
  - component: {fileID: 2422385226809000759}
  m_Layer: 0
  m_Name: rock_pillar_01_lp (3)
  m_TagString: Untagged
  m_Icon: {fileID: 0}
  m_NavMeshLayer: 0
  m_StaticEditorFlags: 0
  m_IsActive: 1
--- !u!4 &3571235294326022642
Transform:
  m_ObjectHideFlags: 0
  m_CorrespondingSourceObject: {fileID: 0}
  m_PrefabInstance: {fileID: 0}
  m_PrefabAsset: {fileID: 0}
  m_GameObject: {fileID: 7250759580690211332}
  m_LocalRotation: {x: 0.51066726, y: -0.84326744, z: -0.13756502, w: 0.09589031}
  m_LocalPosition: {x: 7.214647, y: -0.020601273, z: -31.56587}
  m_LocalScale: {x: 645.7644, y: 645.7644, z: 645.7644}
  m_Children: []
  m_Father: {fileID: 642158541043845130}
  m_RootOrder: 7
  m_LocalEulerAnglesHint: {x: -172.295, y: -342.243, z: 116.397995}
--- !u!33 &3268835794038568888
MeshFilter:
  m_ObjectHideFlags: 0
  m_CorrespondingSourceObject: {fileID: 0}
  m_PrefabInstance: {fileID: 0}
  m_PrefabAsset: {fileID: 0}
  m_GameObject: {fileID: 7250759580690211332}
  m_Mesh: {fileID: 4300000, guid: 245498c72c2ddce42ac434a2b0727c94, type: 3}
--- !u!23 &2422385226809000759
MeshRenderer:
  m_ObjectHideFlags: 0
  m_CorrespondingSourceObject: {fileID: 0}
  m_PrefabInstance: {fileID: 0}
  m_PrefabAsset: {fileID: 0}
  m_GameObject: {fileID: 7250759580690211332}
  m_Enabled: 1
  m_CastShadows: 0
  m_ReceiveShadows: 1
  m_DynamicOccludee: 1
  m_MotionVectors: 1
  m_LightProbeUsage: 1
  m_ReflectionProbeUsage: 1
  m_RayTracingMode: 2
  m_RenderingLayerMask: 1
  m_RendererPriority: 0
  m_Materials:
  - {fileID: 2100000, guid: f510126ecb134f34c87442b9e64e1d94, type: 2}
  m_StaticBatchInfo:
    firstSubMesh: 0
    subMeshCount: 0
  m_StaticBatchRoot: {fileID: 0}
  m_ProbeAnchor: {fileID: 0}
  m_LightProbeVolumeOverride: {fileID: 0}
  m_ScaleInLightmap: 1
  m_ReceiveGI: 1
  m_PreserveUVs: 0
  m_IgnoreNormalsForChartDetection: 0
  m_ImportantGI: 0
  m_StitchLightmapSeams: 1
  m_SelectedEditorRenderState: 3
  m_MinimumChartSize: 4
  m_AutoUVMaxDistance: 0.5
  m_AutoUVMaxAngle: 89
  m_LightmapParameters: {fileID: 0}
  m_SortingLayerID: 0
  m_SortingLayer: 0
  m_SortingOrder: 0
--- !u!1 &7674929700868662443
GameObject:
  m_ObjectHideFlags: 0
  m_CorrespondingSourceObject: {fileID: 0}
  m_PrefabInstance: {fileID: 0}
  m_PrefabAsset: {fileID: 0}
  serializedVersion: 6
  m_Component:
  - component: {fileID: 7674929700868241547}
  - component: {fileID: 7674929700869568683}
  - component: {fileID: 7674929700870666859}
  m_Layer: 0
  m_Name: rock_pillar_01_lp
  m_TagString: Untagged
  m_Icon: {fileID: 0}
  m_NavMeshLayer: 0
  m_StaticEditorFlags: 0
  m_IsActive: 1
--- !u!4 &7674929700868241547
Transform:
  m_ObjectHideFlags: 0
  m_CorrespondingSourceObject: {fileID: 0}
  m_PrefabInstance: {fileID: 0}
  m_PrefabAsset: {fileID: 0}
  m_GameObject: {fileID: 7674929700868662443}
  m_LocalRotation: {x: -0.8152547, y: -0, z: -0, w: 0.5791027}
  m_LocalPosition: {x: -5.300001, y: -7.543498, z: -19.431652}
  m_LocalScale: {x: 461.59, y: 461.59, z: 461.59}
  m_Children: []
  m_Father: {fileID: 642158540972620007}
  m_RootOrder: 0
  m_LocalEulerAnglesHint: {x: -109.225, y: 0, z: 0}
--- !u!33 &7674929700869568683
MeshFilter:
  m_ObjectHideFlags: 0
  m_CorrespondingSourceObject: {fileID: 0}
  m_PrefabInstance: {fileID: 0}
  m_PrefabAsset: {fileID: 0}
  m_GameObject: {fileID: 7674929700868662443}
  m_Mesh: {fileID: 4300000, guid: 245498c72c2ddce42ac434a2b0727c94, type: 3}
--- !u!23 &7674929700870666859
MeshRenderer:
  m_ObjectHideFlags: 0
  m_CorrespondingSourceObject: {fileID: 0}
  m_PrefabInstance: {fileID: 0}
  m_PrefabAsset: {fileID: 0}
  m_GameObject: {fileID: 7674929700868662443}
  m_Enabled: 1
  m_CastShadows: 0
  m_ReceiveShadows: 1
  m_DynamicOccludee: 1
  m_MotionVectors: 1
  m_LightProbeUsage: 1
  m_ReflectionProbeUsage: 1
  m_RayTracingMode: 2
  m_RenderingLayerMask: 1
  m_RendererPriority: 0
  m_Materials:
  - {fileID: 2100000, guid: f510126ecb134f34c87442b9e64e1d94, type: 2}
  m_StaticBatchInfo:
    firstSubMesh: 0
    subMeshCount: 0
  m_StaticBatchRoot: {fileID: 0}
  m_ProbeAnchor: {fileID: 0}
  m_LightProbeVolumeOverride: {fileID: 0}
  m_ScaleInLightmap: 1
  m_ReceiveGI: 1
  m_PreserveUVs: 0
  m_IgnoreNormalsForChartDetection: 0
  m_ImportantGI: 0
  m_StitchLightmapSeams: 1
  m_SelectedEditorRenderState: 3
  m_MinimumChartSize: 4
  m_AutoUVMaxDistance: 0.5
  m_AutoUVMaxAngle: 89
  m_LightmapParameters: {fileID: 0}
  m_SortingLayerID: 0
  m_SortingLayer: 0
  m_SortingOrder: 0
--- !u!1 &7800649211929151325
GameObject:
  m_ObjectHideFlags: 0
  m_CorrespondingSourceObject: {fileID: 0}
  m_PrefabInstance: {fileID: 0}
  m_PrefabAsset: {fileID: 0}
  serializedVersion: 6
  m_Component:
  - component: {fileID: 6155355715340974929}
  - component: {fileID: 8682458403813143703}
  - component: {fileID: 2053792669013467775}
  m_Layer: 0
  m_Name: rock_pillar_01_lp (11)
  m_TagString: Untagged
  m_Icon: {fileID: 0}
  m_NavMeshLayer: 0
  m_StaticEditorFlags: 0
  m_IsActive: 1
--- !u!4 &6155355715340974929
Transform:
  m_ObjectHideFlags: 0
  m_CorrespondingSourceObject: {fileID: 0}
  m_PrefabInstance: {fileID: 0}
  m_PrefabAsset: {fileID: 0}
  m_GameObject: {fileID: 7800649211929151325}
  m_LocalRotation: {x: 0.038698718, y: -0.53904456, z: 0.8400507, w: 0.047415935}
  m_LocalPosition: {x: -1.0414286, y: 8.6, z: -108.63955}
  m_LocalScale: {x: 461.59003, y: 461.58997, z: 461.58997}
  m_Children: []
  m_Father: {fileID: 642158541043845130}
  m_RootOrder: 4
  m_LocalEulerAnglesHint: {x: 114.58899, y: 174.391, z: 354.768}
--- !u!33 &8682458403813143703
MeshFilter:
  m_ObjectHideFlags: 0
  m_CorrespondingSourceObject: {fileID: 0}
  m_PrefabInstance: {fileID: 0}
  m_PrefabAsset: {fileID: 0}
  m_GameObject: {fileID: 7800649211929151325}
  m_Mesh: {fileID: 4300000, guid: 245498c72c2ddce42ac434a2b0727c94, type: 3}
--- !u!23 &2053792669013467775
MeshRenderer:
  m_ObjectHideFlags: 0
  m_CorrespondingSourceObject: {fileID: 0}
  m_PrefabInstance: {fileID: 0}
  m_PrefabAsset: {fileID: 0}
  m_GameObject: {fileID: 7800649211929151325}
  m_Enabled: 1
  m_CastShadows: 0
  m_ReceiveShadows: 1
  m_DynamicOccludee: 1
  m_MotionVectors: 1
  m_LightProbeUsage: 1
  m_ReflectionProbeUsage: 1
  m_RayTracingMode: 2
  m_RenderingLayerMask: 1
  m_RendererPriority: 0
  m_Materials:
  - {fileID: 2100000, guid: f510126ecb134f34c87442b9e64e1d94, type: 2}
  m_StaticBatchInfo:
    firstSubMesh: 0
    subMeshCount: 0
  m_StaticBatchRoot: {fileID: 0}
  m_ProbeAnchor: {fileID: 0}
  m_LightProbeVolumeOverride: {fileID: 0}
  m_ScaleInLightmap: 1
  m_ReceiveGI: 1
  m_PreserveUVs: 0
  m_IgnoreNormalsForChartDetection: 0
  m_ImportantGI: 0
  m_StitchLightmapSeams: 1
  m_SelectedEditorRenderState: 3
  m_MinimumChartSize: 4
  m_AutoUVMaxDistance: 0.5
  m_AutoUVMaxAngle: 89
  m_LightmapParameters: {fileID: 0}
  m_SortingLayerID: 0
  m_SortingLayer: 0
  m_SortingOrder: 0
--- !u!1 &8132386416382010098
GameObject:
  m_ObjectHideFlags: 0
  m_CorrespondingSourceObject: {fileID: 0}
  m_PrefabInstance: {fileID: 0}
  m_PrefabAsset: {fileID: 0}
  serializedVersion: 6
  m_Component:
  - component: {fileID: 450694548188302985}
  - component: {fileID: 3379465397183384579}
  - component: {fileID: 3322393378622626848}
  m_Layer: 0
  m_Name: rock_pillar_01_lp (3)
  m_TagString: Untagged
  m_Icon: {fileID: 0}
  m_NavMeshLayer: 0
  m_StaticEditorFlags: 0
  m_IsActive: 1
--- !u!4 &450694548188302985
Transform:
  m_ObjectHideFlags: 0
  m_CorrespondingSourceObject: {fileID: 0}
  m_PrefabInstance: {fileID: 0}
  m_PrefabAsset: {fileID: 0}
  m_GameObject: {fileID: 8132386416382010098}
  m_LocalRotation: {x: -0.48913437, y: 0.8310974, z: -0.13276507, w: -0.22890614}
  m_LocalPosition: {x: -9.3, y: 8.62, z: -72.5}
  m_LocalScale: {x: 645.7644, y: 645.7644, z: 645.7644}
  m_Children: []
  m_Father: {fileID: 642158540972620007}
  m_RootOrder: 3
  m_LocalEulerAnglesHint: {x: -206.399, y: 16.246994, z: 122.878}
--- !u!33 &3379465397183384579
MeshFilter:
  m_ObjectHideFlags: 0
  m_CorrespondingSourceObject: {fileID: 0}
  m_PrefabInstance: {fileID: 0}
  m_PrefabAsset: {fileID: 0}
  m_GameObject: {fileID: 8132386416382010098}
  m_Mesh: {fileID: 4300000, guid: 245498c72c2ddce42ac434a2b0727c94, type: 3}
--- !u!23 &3322393378622626848
MeshRenderer:
  m_ObjectHideFlags: 0
  m_CorrespondingSourceObject: {fileID: 0}
  m_PrefabInstance: {fileID: 0}
  m_PrefabAsset: {fileID: 0}
  m_GameObject: {fileID: 8132386416382010098}
  m_Enabled: 1
  m_CastShadows: 0
  m_ReceiveShadows: 1
  m_DynamicOccludee: 1
  m_MotionVectors: 1
  m_LightProbeUsage: 1
  m_ReflectionProbeUsage: 1
  m_RayTracingMode: 2
  m_RenderingLayerMask: 1
  m_RendererPriority: 0
  m_Materials:
  - {fileID: 2100000, guid: f510126ecb134f34c87442b9e64e1d94, type: 2}
  m_StaticBatchInfo:
    firstSubMesh: 0
    subMeshCount: 0
  m_StaticBatchRoot: {fileID: 0}
  m_ProbeAnchor: {fileID: 0}
  m_LightProbeVolumeOverride: {fileID: 0}
  m_ScaleInLightmap: 1
  m_ReceiveGI: 1
  m_PreserveUVs: 0
  m_IgnoreNormalsForChartDetection: 0
  m_ImportantGI: 0
  m_StitchLightmapSeams: 1
  m_SelectedEditorRenderState: 3
  m_MinimumChartSize: 4
  m_AutoUVMaxDistance: 0.5
  m_AutoUVMaxAngle: 89
  m_LightmapParameters: {fileID: 0}
  m_SortingLayerID: 0
  m_SortingLayer: 0
  m_SortingOrder: 0
