%YAML 1.1
%TAG !u! tag:unity3d.com,2011:
--- !u!1 &1823552785
GameObject:
  m_ObjectHideFlags: 0
  m_CorrespondingSourceObject: {fileID: 0}
  m_PrefabInstance: {fileID: 0}
  m_PrefabAsset: {fileID: 0}
  serializedVersion: 6
  m_Component:
  - component: {fileID: 1823552786}
  m_Layer: 0
  m_Name: StartCanyons
  m_TagString: Scenery
  m_Icon: {fileID: 0}
  m_NavMeshLayer: 0
  m_StaticEditorFlags: 0
  m_IsActive: 1
--- !u!4 &1823552786
Transform:
  m_ObjectHideFlags: 0
  m_CorrespondingSourceObject: {fileID: 0}
  m_PrefabInstance: {fileID: 0}
  m_PrefabAsset: {fileID: 0}
  m_GameObject: {fileID: 1823552785}
  m_LocalRotation: {x: 0, y: 0, z: 0, w: 1}
  m_LocalPosition: {x: 0, y: 0, z: 0}
  m_LocalScale: {x: 1, y: 1, z: 1}
  m_Children:
  - {fileID: 1835791167856251196}
  - {fileID: 1266476443307521331}
  - {fileID: 1266476442729741640}
  m_Father: {fileID: 1835791168249590960}
  m_RootOrder: 0
  m_LocalEulerAnglesHint: {x: 0, y: 0, z: 0}
--- !u!1 &1835791168249590966
GameObject:
  m_ObjectHideFlags: 0
  m_CorrespondingSourceObject: {fileID: 0}
  m_PrefabInstance: {fileID: 0}
  m_PrefabAsset: {fileID: 0}
  serializedVersion: 6
  m_Component:
  - component: {fileID: 1835791168249590960}
  - component: {fileID: 1835791168249590967}
  - component: {fileID: 1835791168249590961}
  - component: {fileID: 1302205931}
  m_Layer: 0
  m_Name: World Generator
  m_TagString: Generator
  m_Icon: {fileID: -964228994112308473, guid: 0000000000000000d000000000000000, type: 0}
  m_NavMeshLayer: 0
  m_StaticEditorFlags: 0
  m_IsActive: 1
--- !u!4 &1835791168249590960
Transform:
  m_ObjectHideFlags: 0
  m_CorrespondingSourceObject: {fileID: 0}
  m_PrefabInstance: {fileID: 0}
  m_PrefabAsset: {fileID: 0}
  m_GameObject: {fileID: 1835791168249590966}
  m_LocalRotation: {x: 0, y: 0, z: 0, w: 1}
  m_LocalPosition: {x: 0, y: 0, z: 0}
  m_LocalScale: {x: 1, y: 1, z: 1}
  m_Children:
  - {fileID: 1823552786}
  m_Father: {fileID: 0}
  m_RootOrder: 0
  m_LocalEulerAnglesHint: {x: 0, y: 0, z: 0}
--- !u!114 &1835791168249590967
MonoBehaviour:
  m_ObjectHideFlags: 0
  m_CorrespondingSourceObject: {fileID: 0}
  m_PrefabInstance: {fileID: 0}
  m_PrefabAsset: {fileID: 0}
  m_GameObject: {fileID: 1835791168249590966}
  m_Enabled: 1
  m_EditorHideFlags: 0
  m_Script: {fileID: 11500000, guid: 45169231063d4b344b6f6bba6ffc40fa, type: 3}
  m_Name: 
  m_EditorClassIdentifier: 
  scale: 20
  heightMultiplier: 3
  normilizeMode: 1
  octaves: 3
  persistance: 0.3
  lacunarity: 1.3
  seed: 1337
  offset: {x: 0, y: 0}
--- !u!114 &1835791168249590961
MonoBehaviour:
  m_ObjectHideFlags: 0
  m_CorrespondingSourceObject: {fileID: 0}
  m_PrefabInstance: {fileID: 0}
  m_PrefabAsset: {fileID: 0}
  m_GameObject: {fileID: 1835791168249590966}
  m_Enabled: 1
  m_EditorHideFlags: 0
  m_Script: {fileID: 11500000, guid: 9bcfcc746cb630642bf76eff0a0d2040, type: 3}
  m_Name: 
  m_EditorClassIdentifier: 
  viewer: {fileID: 0}
  mapMatrial: {fileID: 2100000, guid: 72d57bfbc8eb82e4cb12e541adadb2c7, type: 2}
  mapGeneratorObject: {fileID: 1835791168249590967}
--- !u!114 &1302205931
MonoBehaviour:
  m_ObjectHideFlags: 0
  m_CorrespondingSourceObject: {fileID: 0}
  m_PrefabInstance: {fileID: 0}
  m_PrefabAsset: {fileID: 0}
  m_GameObject: {fileID: 1835791168249590966}
  m_Enabled: 1
  m_EditorHideFlags: 0
  m_Script: {fileID: 11500000, guid: d04bd6b38e40dd24f97bdae8da1db839, type: 3}
  m_Name: 
  m_EditorClassIdentifier: 
  particles:
  - type: 0
    prefab: {fileID: 1329845292236604, guid: 9bba9cf244c53c5439505dfc96fdd11c, type: 3}
  - type: 1
    prefab: {fileID: 1121192042590650, guid: e1b08032bec16ba4eb1ae23cbd572664, type: 3}
  - type: 3
    prefab: {fileID: 8676646779441565527, guid: 50cf2f43c9e3f094d8376e1d7840c88c,
      type: 3}
  - type: 2
    prefab: {fileID: 1828176872806910, guid: 64891a0eb28db934898420d80ca07cb3, type: 3}
  - type: 4
    prefab: {fileID: 1000012903210382, guid: 3a4fa769c1e617d41829520cb23b7919, type: 3}
  - type: 5
    prefab: {fileID: 1000012903210382, guid: 3a4fa769c1e617d41829520cb23b7919, type: 3}
  - type: 7
    prefab: {fileID: 1879272669879180, guid: 75b24d93631c6b949bca94153bdb3f89, type: 3}
  - type: 9
    prefab: {fileID: 1329845292236604, guid: 02c42c057f66dc04aaa2fd5d2b91f6fd, type: 3}
  - type: 8
    prefab: {fileID: 1329845292236604, guid: 33836c5ecc66f8d40bebc1e88ca1d63d, type: 3}
--- !u!1001 &1266476441525784262
PrefabInstance:
  m_ObjectHideFlags: 0
  serializedVersion: 2
  m_Modification:
    m_TransformParent: {fileID: 1823552786}
    m_Modifications:
    - target: {fileID: 642158540036022213, guid: 0c686d06366def4448d22edfe8648f85,
        type: 3}
      propertyPath: m_Name
      value: CanyonLR
      objectReference: {fileID: 0}
    - target: {fileID: 642158540036022266, guid: 0c686d06366def4448d22edfe8648f85,
        type: 3}
      propertyPath: m_LocalPosition.x
      value: 7.989688
      objectReference: {fileID: 0}
    - target: {fileID: 642158540036022266, guid: 0c686d06366def4448d22edfe8648f85,
        type: 3}
      propertyPath: m_LocalPosition.y
      value: 7.6
      objectReference: {fileID: 0}
    - target: {fileID: 642158540036022266, guid: 0c686d06366def4448d22edfe8648f85,
        type: 3}
      propertyPath: m_LocalPosition.z
      value: 12.1
      objectReference: {fileID: 0}
    - target: {fileID: 642158540036022266, guid: 0c686d06366def4448d22edfe8648f85,
        type: 3}
      propertyPath: m_LocalRotation.x
      value: -0
      objectReference: {fileID: 0}
    - target: {fileID: 642158540036022266, guid: 0c686d06366def4448d22edfe8648f85,
        type: 3}
      propertyPath: m_LocalRotation.y
      value: -0
      objectReference: {fileID: 0}
    - target: {fileID: 642158540036022266, guid: 0c686d06366def4448d22edfe8648f85,
        type: 3}
      propertyPath: m_LocalRotation.z
      value: -0
      objectReference: {fileID: 0}
    - target: {fileID: 642158540036022266, guid: 0c686d06366def4448d22edfe8648f85,
        type: 3}
      propertyPath: m_LocalRotation.w
      value: 1
      objectReference: {fileID: 0}
    - target: {fileID: 642158540036022266, guid: 0c686d06366def4448d22edfe8648f85,
        type: 3}
      propertyPath: m_RootOrder
      value: 0
      objectReference: {fileID: 0}
    - target: {fileID: 642158540036022266, guid: 0c686d06366def4448d22edfe8648f85,
        type: 3}
      propertyPath: m_LocalEulerAnglesHint.x
      value: 0
      objectReference: {fileID: 0}
    - target: {fileID: 642158540036022266, guid: 0c686d06366def4448d22edfe8648f85,
        type: 3}
      propertyPath: m_LocalEulerAnglesHint.y
      value: 0
      objectReference: {fileID: 0}
    - target: {fileID: 642158540036022266, guid: 0c686d06366def4448d22edfe8648f85,
        type: 3}
      propertyPath: m_LocalEulerAnglesHint.z
      value: 0
      objectReference: {fileID: 0}
    m_RemovedComponents: []
  m_SourcePrefab: {fileID: 100100000, guid: 0c686d06366def4448d22edfe8648f85, type: 3}
--- !u!4 &1835791167856251196 stripped
Transform:
  m_CorrespondingSourceObject: {fileID: 642158540036022266, guid: 0c686d06366def4448d22edfe8648f85,
    type: 3}
  m_PrefabInstance: {fileID: 1266476441525784262}
  m_PrefabAsset: {fileID: 0}
--- !u!1001 &1835791168024750793
PrefabInstance:
  m_ObjectHideFlags: 0
  serializedVersion: 2
  m_Modification:
    m_TransformParent: {fileID: 1823552786}
    m_Modifications:
    - target: {fileID: 642158540036022213, guid: 0c686d06366def4448d22edfe8648f85,
        type: 3}
      propertyPath: m_Name
      value: CanyonLR (1)
      objectReference: {fileID: 0}
    - target: {fileID: 642158540036022266, guid: 0c686d06366def4448d22edfe8648f85,
        type: 3}
      propertyPath: m_LocalPosition.x
      value: 7.989688
      objectReference: {fileID: 0}
    - target: {fileID: 642158540036022266, guid: 0c686d06366def4448d22edfe8648f85,
        type: 3}
      propertyPath: m_LocalPosition.y
      value: 7.6
      objectReference: {fileID: 0}
    - target: {fileID: 642158540036022266, guid: 0c686d06366def4448d22edfe8648f85,
        type: 3}
      propertyPath: m_LocalPosition.z
      value: -115.7
      objectReference: {fileID: 0}
    - target: {fileID: 642158540036022266, guid: 0c686d06366def4448d22edfe8648f85,
        type: 3}
      propertyPath: m_LocalRotation.x
      value: -0
      objectReference: {fileID: 0}
    - target: {fileID: 642158540036022266, guid: 0c686d06366def4448d22edfe8648f85,
        type: 3}
      propertyPath: m_LocalRotation.y
      value: -0
      objectReference: {fileID: 0}
    - target: {fileID: 642158540036022266, guid: 0c686d06366def4448d22edfe8648f85,
        type: 3}
      propertyPath: m_LocalRotation.z
      value: -0
      objectReference: {fileID: 0}
    - target: {fileID: 642158540036022266, guid: 0c686d06366def4448d22edfe8648f85,
        type: 3}
      propertyPath: m_LocalRotation.w
      value: 1
      objectReference: {fileID: 0}
    - target: {fileID: 642158540036022266, guid: 0c686d06366def4448d22edfe8648f85,
        type: 3}
      propertyPath: m_RootOrder
      value: 1
      objectReference: {fileID: 0}
    - target: {fileID: 642158540036022266, guid: 0c686d06366def4448d22edfe8648f85,
        type: 3}
      propertyPath: m_LocalEulerAnglesHint.x
      value: 0
      objectReference: {fileID: 0}
    - target: {fileID: 642158540036022266, guid: 0c686d06366def4448d22edfe8648f85,
        type: 3}
      propertyPath: m_LocalEulerAnglesHint.y
      value: 0
      objectReference: {fileID: 0}
    - target: {fileID: 642158540036022266, guid: 0c686d06366def4448d22edfe8648f85,
        type: 3}
      propertyPath: m_LocalEulerAnglesHint.z
      value: 0
      objectReference: {fileID: 0}
    m_RemovedComponents: []
  m_SourcePrefab: {fileID: 100100000, guid: 0c686d06366def4448d22edfe8648f85, type: 3}
--- !u!4 &1266476443307521331 stripped
Transform:
  m_CorrespondingSourceObject: {fileID: 642158540036022266, guid: 0c686d06366def4448d22edfe8648f85,
    type: 3}
  m_PrefabInstance: {fileID: 1835791168024750793}
  m_PrefabAsset: {fileID: 0}
--- !u!1001 &1835791168514482866
PrefabInstance:
  m_ObjectHideFlags: 0
  serializedVersion: 2
  m_Modification:
    m_TransformParent: {fileID: 1823552786}
    m_Modifications:
    - target: {fileID: 642158540036022213, guid: 0c686d06366def4448d22edfe8648f85,
        type: 3}
      propertyPath: m_Name
      value: CanyonLR (2)
      objectReference: {fileID: 0}
    - target: {fileID: 642158540036022266, guid: 0c686d06366def4448d22edfe8648f85,
        type: 3}
      propertyPath: m_LocalPosition.x
      value: 7.989688
      objectReference: {fileID: 0}
    - target: {fileID: 642158540036022266, guid: 0c686d06366def4448d22edfe8648f85,
        type: 3}
      propertyPath: m_LocalPosition.y
      value: 7.6
      objectReference: {fileID: 0}
    - target: {fileID: 642158540036022266, guid: 0c686d06366def4448d22edfe8648f85,
        type: 3}
      propertyPath: m_LocalPosition.z
      value: -228.2
      objectReference: {fileID: 0}
    - target: {fileID: 642158540036022266, guid: 0c686d06366def4448d22edfe8648f85,
        type: 3}
      propertyPath: m_LocalRotation.x
      value: -0
      objectReference: {fileID: 0}
    - target: {fileID: 642158540036022266, guid: 0c686d06366def4448d22edfe8648f85,
        type: 3}
      propertyPath: m_LocalRotation.y
      value: -0
      objectReference: {fileID: 0}
    - target: {fileID: 642158540036022266, guid: 0c686d06366def4448d22edfe8648f85,
        type: 3}
      propertyPath: m_LocalRotation.z
      value: -0
      objectReference: {fileID: 0}
    - target: {fileID: 642158540036022266, guid: 0c686d06366def4448d22edfe8648f85,
        type: 3}
      propertyPath: m_LocalRotation.w
      value: 1
      objectReference: {fileID: 0}
    - target: {fileID: 642158540036022266, guid: 0c686d06366def4448d22edfe8648f85,
        type: 3}
      propertyPath: m_RootOrder
      value: 2
      objectReference: {fileID: 0}
    - target: {fileID: 642158540036022266, guid: 0c686d06366def4448d22edfe8648f85,
        type: 3}
      propertyPath: m_LocalEulerAnglesHint.x
      value: 0
      objectReference: {fileID: 0}
    - target: {fileID: 642158540036022266, guid: 0c686d06366def4448d22edfe8648f85,
        type: 3}
      propertyPath: m_LocalEulerAnglesHint.y
      value: 0
      objectReference: {fileID: 0}
    - target: {fileID: 642158540036022266, guid: 0c686d06366def4448d22edfe8648f85,
        type: 3}
      propertyPath: m_LocalEulerAnglesHint.z
      value: 0
      objectReference: {fileID: 0}
    m_RemovedComponents: []
  m_SourcePrefab: {fileID: 100100000, guid: 0c686d06366def4448d22edfe8648f85, type: 3}
--- !u!4 &1266476442729741640 stripped
Transform:
  m_CorrespondingSourceObject: {fileID: 642158540036022266, guid: 0c686d06366def4448d22edfe8648f85,
    type: 3}
  m_PrefabInstance: {fileID: 1835791168514482866}
  m_PrefabAsset: {fileID: 0}
